@inproceedings{tulsiani2018multi,
  title={Multi-view Consistency as Supervisory Signal for Learning Shape and Pose Prediction},
  author={Tulsiani, Shubham and Efros, Alexei A and Malik, Jitendra},
  booktitle={Proceedings of the IEEE conference on computer vision and pattern recognition},
  pages={2897--2905},
  year={2018}
}

@inproceedings{kendall2015posenet,
  title={{PoseNet}: A convolutional network for real-time {6-DOF} camera relocalization},
  author={Kendall, Alex and Grimes, Matthew and Cipolla, Roberto},
  booktitle={Proceedings of the IEEE international conference on computer vision},
  pages={2938--2946},
  year={2015}
}

@inproceedings{su2015render,
  title={Render for {CNN}: Viewpoint Estimation in Images Using {CNNs} Trained with Rendered {3D} Model Views},
  author={Su, Hao and Qi, Charles R and Li, Yangyan and Guibas, Leonidas J},
  booktitle={Proceedings of the IEEE International Conference on Computer Vision},
  pages={2686--2694},
  year={2015}
}

@inproceedings{mahendran20173d,
  title={3d Pose Regression using Convolutional Neural Networks},
  author={Mahendran, Siddharth and Ali, Haider and Vidal, Ren{\'e}},
  booktitle={Proceedings of the IEEE International Conference on Computer Vision Workshops},
  pages={2174--2182},
  year={2017}
}

@inproceedings{mousavian20173d,
  title={{3D} Bounding Box Estimation Using Deep Learning and Geometry},
  author={Mousavian, Arsalan and Anguelov, Dragomir and Flynn, John and Kosecka, Jana},
  booktitle={Proceedings of the IEEE Conference on Computer Vision and Pattern Recognition},
  pages={7074--7082},
  year={2017}
}

@inproceedings{prokudin2018deep,
  title={Deep Directional Statistics: Pose Estimation with Uncertainty Quantification},
  author={Prokudin, Sergey and Gehler, Peter and Nowozin, Sebastian},
  booktitle={Proceedings of the European Conference on Computer Vision (ECCV)},
  pages={534--551},
  year={2018}
}

@inproceedings{liao2019spherical,
  title={Spherical Regression: Learning Viewpoints, Surface Normals and 3D Rotations on {n-Spheres}},
  author={Liao, Shuai and Gavves, Efstratios and Snoek, Cees GM},
  booktitle={Proceedings of the IEEE/CVF Conference on Computer Vision and Pattern Recognition},
  pages={9759--9767},
  year={2019}
}

@article{massa2016crafting,
  title={Crafting a multi-task {CNN} for viewpoint estimation},
  author={Massa, Francisco and Marlet, Renaud and Aubry, Mathieu},
  journal={arXiv preprint arXiv:1609.03894},
  year={2016}
}

@techreport{penedones2012improving,
  title={Improving object classification using pose information},
  author={Penedones, Hugo and Collobert, Ronan and Fleuret, Francois and Grangier, David},
  year={2012},
  institution={Idiap}
}

@inproceedings{beyer2015biternion,
  title={Biternion nets: Continuous head pose regression from discrete training labels},
  author={Beyer, Lucas and Hermans, Alexander and Leibe, Bastian},
  booktitle={German Conference on Pattern Recognition},
  pages={157--168},
  year={2015},
  organization={Springer}
}


@inproceedings{saxena2009learning,
  title={Learning 3-d object orientation from images},
  author={Saxena, Ashutosh and Driemeyer, Justin and Ng, Andrew Y},
  booktitle={2009 IEEE International conference on robotics and automation},
  pages={794--800},
  year={2009},
  organization={IEEE}
}

@article{xiang2017posecnn,
  title={Posecnn: A convolutional neural network for 6d object pose estimation in cluttered scenes},
  author={Xiang, Yu and Schmidt, Tanner and Narayanan, Venkatraman and Fox, Dieter},
  journal={arXiv preprint arXiv:1711.00199},
  year={2017}
}
