@article{nuscenes2019,
  title   = {nuScenes: A multimodal dataset for autonomous driving},
  author  = {Holger Caesar and Varun Bankiti and Alex H. Lang and Sourabh Vora and 
          Venice Erin Liong and Qiang Xu and Anush Krishnan and Yu Pan and 
          Giancarlo Baldan and Oscar Beijbom},
  journal = {arXiv preprint arXiv:1903.11027},
  year    = {2019}
}

@inproceedings{sun2020scalability,
  title     = {Scalability in perception for autonomous driving: Waymo open dataset},
  author    = {Sun, Pei and Kretzschmar, Henrik and Dotiwalla, Xerxes and Chouard, Aurelien and Patnaik, Vijaysai and Tsui, Paul and Guo, James and Zhou, Yin and Chai, Yuning and Caine, Benjamin and others},
  booktitle = {Proceedings of the IEEE/CVF Conference on Computer Vision and Pattern Recognition},
  pages     = {2446--2454},
  year      = {2020}
}

@inproceedings{sun-rgbd,
  author    = {S. {Song} and S. P. {Lichtenberg} and J. {Xiao}},
  booktitle = {2015 IEEE Conference on Computer Vision and Pattern Recognition (CVPR)},
  title     = {SUN RGB-D: A RGB-D scene understanding benchmark suite},
  year      = {2015},
  volume    = {},
  number    = {},
  pages     = {567-576},
  doi       = {10.1109/CVPR.2015.7298655}
}

@article{wang2019apolloscape,
  title     = {The apolloscape open dataset for autonomous driving and its application},
  author    = {Wang, Peng and Huang, Xinyu and Cheng, Xinjing and Zhou, Dingfu and Geng, Qichuan and Yang, Ruigang},
  journal   = {IEEE transactions on pattern analysis and machine intelligence},
  year      = {2019},
  publisher = {IEEE}
}

@inproceedings{meng2020ws3d,
  title     = {Weakly Supervised {3D} Object Detection from {LiDAR} Point Cloud},
  author    = {Meng, Qinghao and Wang, Wenguan and Zhou, Tianfei and Shen, Jianbing and Van Gool, Luc and Dai, Dengxin},
  booktitle = {ECCV},
  year      = {2020}
}

@inproceedings{monodepth17,
  title     = {Unsupervised Monocular Depth Estimation with Left-Right Consistency},
  author    = {Cl{\'{e}}ment Godard and
              Oisin {Mac Aodha} and
              Gabriel J. Brostow},
  booktitle = {CVPR},
  year      = {2017}
}

@inproceedings{zhou2017,
  title     = {Unsupervised learning of depth and ego-motion from video},
  author    = {Zhou, Tinghui and Brown, Matthew and Snavely, Noah and Lowe, David G},
  booktitle = {CVPR},
  pages     = {1851--1858},
  year      = {2017}
}

@inproceedings{monodepthv2,
  title     = {Digging into self-supervised monocular depth estimation},
  author    = {Godard, Cl{\'e}ment and Mac Aodha, Oisin and Firman, Michael and Brostow, Gabriel J},
  booktitle = {CVPR},
  pages     = {3828--3838},
  year      = {2019}
}

@inproceedings{Fu_2018_CVPR,
  author    = {Fu, Huan and Gong, Mingming and Wang, Chaohui and Batmanghelich, Kayhan and Tao, Dacheng},
  title     = {Deep Ordinal Regression Network for Monocular Depth Estimation},
  booktitle = {CVPR},
  month     = {June},
  year      = {2018}
}

@article{feng2020labels,
  author        = {{Feng}, Di and {Rosenbaum}, Lars and {Timm}, Fabian and {Dietmayer}, Klaus},
  title         = {{Labels Are Not Perfect: Improving Probabilistic Object Detection via Label Uncertainty}},
  journal       = {arXiv e-prints},
  keywords      = {Computer Science - Computer Vision and Pattern Recognition, Computer Science - Machine Learning},
  year          = 2020,
  month         = aug,
  eid           = {arXiv:2008.04168},
  pages         = {arXiv:2008.04168},
  archiveprefix = {arXiv},
  eprint        = {2008.04168},
  primaryclass  = {cs.CV},
  adsurl        = {https://ui.adsabs.harvard.edu/abs/2020arXiv200804168F},
  adsnote       = {Provided by the SAO/NASA Astrophysics Data System}
}

@article{tang2018pcl,
  title     = {Pcl: Proposal cluster learning for weakly supervised object detection},
  author    = {Tang, Peng and Wang, Xinggang and Bai, Song and Shen, Wei and Bai, Xiang and Liu, Wenyu and Yuille, Alan Loddon},
  journal   = {IEEE transactions on pattern analysis and machine intelligence},
  year      = {2018},
  publisher = {IEEE}
}

@inproceedings{tang2017oicr,
  author    = {Tang, Peng and Wang, Xinggang and Bai, Xiang and Liu, Wenyu},
  title     = {Multiple Instance Detection Network with Online Instance Classifier Refinement},
  booktitle = {CVPR},
  year      = {2017}
}

@inproceedings{tang2018weakly,
  title     = {Weakly supervised region proposal network and object detection},
  author    = {Tang, Peng and Wang, Xinggang and Wang, Angtian and Yan, Yongluan and Liu, Wenyu and Huang, Junzhou and Yuille, Alan},
  booktitle = {Proceedings of the European Conference on Computer Vision (ECCV)},
  pages     = {352--368},
  year      = {2018}
}

@inproceedings{wan2018min,
  title     = {Min-Entropy Latent Model for Weakly Supervised Object Detection},
  author    = {Wan, Fang and Wei, Pengxu and Jiao, Jianbin and Han, Zhenjun and Ye, Qixiang},
  booktitle = {Proceedings of the IEEE Conference on Computer Vision and Pattern Recognition},
  pages     = {1297--1306},
  year      = {2018}
}

@inproceedings{sdflabel,
  author    = {Sergey Zakharov and Wadim Kehl and Arjun Bhargava and Adrien Gaidon},
  title     = {Autolabeling {3D} Objects with Differentiable Rendering of {SDF} Shape Priors},
  booktitle = {IEEE Computer Vision and Pattern Recognition (CVPR)},
  month     = {June},
  year      = {2020}
}

@misc{wu2019detectron2,
  author =       {Yuxin Wu and Alexander Kirillov and Francisco Massa and
                  Wan-Yen Lo and Ross Girshick},
  title =        {Detectron2},
  howpublished = {\url{https://github.com/facebookresearch/detectron2}},
  year =         {2019}
}


@incollection{NEURIPS2019_9015,
title = {PyTorch: An Imperative Style, High-Performance Deep Learning Library},
author = {Paszke, Adam and Gross, Sam and Massa, Francisco and Lerer, Adam and Bradbury, James and Chanan, Gregory and Killeen, Trevor and Lin, Zeming and Gimelshein, Natalia and Antiga, Luca and Desmaison, Alban and Kopf, Andreas and Yang, Edward and DeVito, Zachary and Raison, Martin and Tejani, Alykhan and Chilamkurthy, Sasank and Steiner, Benoit and Fang, Lu and Bai, Junjie and Chintala, Soumith},
booktitle = {Advances in Neural Information Processing Systems 32},
editor = {H. Wallach and H. Larochelle and A. Beygelzimer and F. d\textquotesingle Alch\'{e}-Buc and E. Fox and R. Garnett},
pages = {8024--8035},
year = {2019},
publisher = {Curran Associates, Inc.},
url = {http://papers.neurips.cc/paper/9015-pytorch-an-imperative-style-high-performance-deep-learning-library.pdf}
}

@article{qi2017frustum,
      title={Frustum PointNets for 3D Object Detection from RGB-D Data},
      author={Qi, Charles R and Liu, Wei and Wu, Chenxia and Su, Hao and Guibas, Leonidas J},
      journal={arXiv preprint arXiv:1711.08488},
      year={2017}
    }
    
    
@InProceedings{Park_2019_CVPR,
author = {Park, Jeong Joon and Florence, Peter and Straub, Julian and Newcombe, Richard and Lovegrove, Steven},
title = {DeepSDF: Learning Continuous Signed Distance Functions for Shape Representation},
booktitle = {The IEEE Conference on Computer Vision and Pattern Recognition (CVPR)},
month = {June},
year = {2019}
}


@InProceedings{xiang_wacv14,
  author       = {Yu Xiang and Roozbeh Mottaghi and Silvio Savarese},
  title        = {Beyond PASCAL: A Benchmark for 3D Object Detection in the Wild},
  booktitle    = {IEEE Winter Conference on Applications of Computer Vision (WACV)},
  year         = {2014},
}

@inproceedings{MatzenICCV13,
    author = {Matzen, Kevin and Snavely, Noah},
    title = {NYC3DCars: A Dataset of 3D Vehicles in Geographic Context},
    booktitle = {Proc. Int. Conf. on Computer Vision},
    year = {2013},
}


@InProceedings{koestler2020learning,
    author = {L. Koestler and N. Yang and R. Wang and D. Cremers},
    title = {Learning Monocular 3D Vehicle Detection without 3D Bounding Box Labels},
    booktitle = {Proceedings of the German Conference on Pattern Recognition (GCPR)},
    year = {2020}
}

@inproceedings{engelcke2017vote3deep,
  title={Vote3deep: Fast object detection in 3d point clouds using efficient convolutional neural networks},
  author={Engelcke, Martin and Rao, Dushyant and Wang, Dominic Zeng and Tong, Chi Hay and Posner, Ingmar},
  booktitle={2017 IEEE International Conference on Robotics and Automation (ICRA)},
  pages={1355--1361},
  year={2017},
  organization={IEEE}
}

@inproceedings{wang2015voting,
  title={Voting for voting in online point cloud object detection.},
  author={Wang, Dominic Zeng and Posner, Ingmar},
  booktitle={Robotics: Science and Systems},
  volume={1},
  number={3},
  pages={10--15607},
  year={2015},
  organization={Rome, Italy}
}

@inproceedings{chen2017multiview,
  title={Multi-view 3d object detection network for autonomous driving},
  author={Chen, Xiaozhi and Ma, Huimin and Wan, Ji and Li, Bo and Xia, Tian},
  booktitle={Proceedings of the IEEE conference on Computer Vision and Pattern Recognition},
  pages={1907--1915},
  year={2017}
}

@inproceedings{zhou2018voxelnet,
  title={Voxelnet: End-to-end learning for point cloud based 3d object detection},
  author={Zhou, Yin and Tuzel, Oncel},
  booktitle={Proceedings of the IEEE Conference on Computer Vision and Pattern Recognition},
  pages={4490--4499},
  year={2018}
}

@article{li2016vehicle,
  title={Vehicle detection from 3d lidar using fully convolutional network},
  author={Li, Bo and Zhang, Tianlei and Xia, Tian},
  journal={arXiv preprint arXiv:1608.07916},
  year={2016}
}


@inproceedings{insafutdinov18pointclouds,
 address = {Montr√©al, Canada},
 author = {Insafutdinov, Eldar and Dosovitskiy, Alexey},
 booktitle = {Advances in Neural Information Processing Systems 31 (NeurIPS 2018)},
 editor = {Bengio, S. and Wallach, H. and Larochelle, H. and Grauman, K. and Cesa-Bianchi, N. and Garnett, R.},
 language = {eng},
 marginalmark = {$\bullet$},
 pages = {2804--2814},
 publisher = {Curran Associates},
 title = {Unsupervised Learning of Shape and Pose with Differentiable Point Clouds},
 year = {2018}
}


@inProceedings{ucmrGoel20,
  title={Shape and Viewpoints without Keypoints},
  author = {Shubham Goel and
  Angjoo Kanazawa and
  and Jitendra Malik},
  booktitle={ECCV},
  year={2020}
}

 @InProceedings{Wang_2019_CVPR,
               author = {Wang, He and Sridhar, Srinath and Huang, Jingwei and Valentin, Julien and Song, Shuran and Guibas, Leonidas J.},
               title = {Normalized Object Coordinate Space for Category-Level 6D Object Pose and Size Estimation},
               booktitle = {The IEEE Conference on Computer Vision and Pattern Recognition (CVPR)},
               month = {June},
               year = {2019}
}

@inproceedings{lin2014microsoft,
  title={Microsoft coco: Common objects in context},
  author={Lin, Tsung-Yi and Maire, Michael and Belongie, Serge and Hays, James and Perona, Pietro and Ramanan, Deva and Doll{\'a}r, Piotr and Zitnick, C Lawrence},
  booktitle={European conference on computer vision},
  pages={740--755},
  year={2014},
  organization={Springer}
}


